1CClientBankExchange
ВерсияФормата=1.02
Кодировка=Windows
Отправитель=Банк Клиент Онлайн
Получатель=1С:Предприятие
ДатаСоздания=12.01.2016
ВремяСоздания=10:03:13
ДатаНачала=11.01.2016
ДатаКонца=11.01.2016
РасчСчет=40702810200000000001
СекцияРасчСчет
ДатаНачала=11.01.2016
ДатаКонца=11.01.2016
РасчСчет=40702810200000000001
НачальныйОстаток=45329.91
ВсегоПоступило=40000.00
ВсегоСписано=41184.00
КонечныйОстаток=44145.91
КонецРасчСчет
СекцияДокумент=Банковский ордер
Номер=697162
Дата=11.01.2016
Сумма=83.23
КвитанцияДата=11.01.2016
КвитанцияВремя=00:00:00
КвитанцияСодержание=статус документа: Внешний 
ПлательщикСчет=12312312312312312
ДатаСписано=11.01.2016
ПлательщикИНН=123123123123
Плательщик1=Some random payer
ПлательщикРасчСчет=12312312312312312
ПлательщикБанк1=ВТБ 24 (ПАО)
ПлательщикБанк2=г. МОСКВА
ПлательщикБИК=044525716
ПлательщикКорсчет=30101810100000000716
ПолучательСчет=61304810100000000002
ПолучательИНН=123123123123
Получатель1=Some random payee
ПолучательРасчСчет=61304810100000000002
ПолучательБанк1=ВТБ 24 (ПАО)
ПолучательБанк2=г. МОСКВА
ПолучательБИК=044525716
ПолучательКорсчет=30101810100000000716
ВидПлатежа=
ВидОплаты=17
Очередность=5
НазначениеПлатежа=Some random string
ПлательщикКПП=
ПолучательКПП=
КонецДокумента
СекцияДокумент=Банковский ордер
Номер=697140
Дата=11.01.2016
Сумма=199.74
КвитанцияДата=11.01.2016
КвитанцияВремя=00:00:00
КвитанцияСодержание=статус документа: Внешний 
ПлательщикСчет=12312312312312312
ДатаСписано=11.01.2016
ПлательщикИНН=123123123123
Плательщик1=Some random payer
ПлательщикРасчСчет=12312312312312312
ПлательщикБанк1=ВТБ 24 (ПАО)
ПлательщикБанк2=г. МОСКВА
ПлательщикБИК=044525716
ПлательщикКорсчет=30101810100000000716
ПолучательСчет=61304810100000000002
ПолучательИНН=123123123123
Получатель1=Some random payee
ПолучательРасчСчет=61304810100000000002
ПолучательБанк1=ВТБ 24 (ПАО)
ПолучательБанк2=г. МОСКВА
ПолучательБИК=044525716
ПолучательКорсчет=30101810100000000716
ВидПлатежа=
ВидОплаты=17
Очередность=5
НазначениеПлатежа=Some random string
ПлательщикКПП=
ПолучательКПП=
КонецДокумента
СекцияДокумент=Банковский ордер
Номер=697149
Дата=11.01.2016
Сумма=271.87
КвитанцияДата=11.01.2016
КвитанцияВремя=00:00:00
КвитанцияСодержание=статус документа: Внешний 
ПлательщикСчет=12312312312312312
ДатаСписано=11.01.2016
ПлательщикИНН=123123123123
Плательщик1=Some random payer
ПлательщикРасчСчет=12312312312312312
ПлательщикБанк1=ВТБ 24 (ПАО)
ПлательщикБанк2=г. МОСКВА
ПлательщикБИК=044525716
ПлательщикКорсчет=30101810100000000716
ПолучательСчет=61304810100000000002
ПолучательИНН=123123123123
Получатель1=Some random payee
ПолучательРасчСчет=61304810100000000002
ПолучательБанк1=ВТБ 24 (ПАО)
ПолучательБанк2=г. МОСКВА
ПолучательБИК=044525716
ПолучательКорсчет=30101810100000000716
ВидПлатежа=
ВидОплаты=17
Очередность=5
НазначениеПлатежа=Some random string
ПлательщикКПП=
ПолучательКПП=
КонецДокумента
СекцияДокумент=Банковский ордер
Номер=697160
Дата=11.01.2016
Сумма=561.77
КвитанцияДата=11.01.2016
КвитанцияВремя=00:00:00
КвитанцияСодержание=статус документа: Внешний 
ПлательщикСчет=12312312312312312
ДатаСписано=11.01.2016
ПлательщикИНН=123123123123
Плательщик1=Some random payer
ПлательщикРасчСчет=12312312312312312
ПлательщикБанк1=ВТБ 24 (ПАО)
ПлательщикБанк2=г. МОСКВА
ПлательщикБИК=044525716
ПлательщикКорсчет=30101810100000000716
ПолучательСчет=70601810800002740257
ПолучательИНН=123123123123
Получатель1=Some random payee
ПолучательРасчСчет=70601810800002740257
ПолучательБанк1=ВТБ 24 (ПАО)
ПолучательБанк2=г. МОСКВА
ПолучательБИК=044525716
ПолучательКорсчет=30101810100000000716
ВидПлатежа=
ВидОплаты=17
Очередность=5
НазначениеПлатежа=Some random string
ПлательщикКПП=
ПолучательКПП=
КонецДокумента
СекцияДокумент=Банковский ордер
Номер=697129
Дата=11.01.2016
Сумма=1348.26
КвитанцияДата=11.01.2016
КвитанцияВремя=00:00:00
КвитанцияСодержание=статус документа: Внешний 
ПлательщикСчет=12312312312312312
ДатаСписано=11.01.2016
ПлательщикИНН=123123123123
Плательщик1=Some random payer
ПлательщикРасчСчет=12312312312312312
ПлательщикБанк1=ВТБ 24 (ПАО)
ПлательщикБанк2=г. МОСКВА
ПлательщикБИК=044525716
ПлательщикКорсчет=30101810100000000716
ПолучательСчет=70601810500002710257
ПолучательИНН=123123123123
Получатель1=Some random payee
ПолучательРасчСчет=70601810500002710257
ПолучательБанк1=ВТБ 24 (ПАО)
ПолучательБанк2=г. МОСКВА
ПолучательБИК=044525716
ПолучательКорсчет=30101810100000000716
ВидПлатежа=
ВидОплаты=17
Очередность=5
НазначениеПлатежа=Some random string
ПлательщикКПП=
ПолучательКПП=
КонецДокумента
СекцияДокумент=Банковский ордер
Номер=697147
Дата=11.01.2016
Сумма=1835.13
КвитанцияДата=11.01.2016
КвитанцияВремя=00:00:00
КвитанцияСодержание=статус документа: Внешний 
ПлательщикСчет=12312312312312312
ДатаСписано=11.01.2016
ПлательщикИНН=123123123123
Плательщик1=Some random payer
ПлательщикРасчСчет=12312312312312312
ПлательщикБанк1=ВТБ 24 (ПАО)
ПлательщикБанк2=г. МОСКВА
ПлательщикБИК=044525716
ПлательщикКорсчет=30101810100000000716
ПолучательСчет=70601810600002720257
ПолучательИНН=123123123123
Получатель1=Some random payee
ПолучательРасчСчет=70601810600002720257
ПолучательБанк1=ВТБ 24 (ПАО)
ПолучательБанк2=г. МОСКВА
ПолучательБИК=044525716
ПолучательКорсчет=30101810100000000716
ВидПлатежа=
ВидОплаты=17
Очередность=5
НазначениеПлатежа=Some random string
ПлательщикКПП=
ПолучательКПП=
КонецДокумента
СекцияДокумент=Платежное поручение
Номер=1
Дата=11.01.2016
Сумма=2762.80
КвитанцияДата=11.01.2016
КвитанцияВремя=00:00:00
КвитанцияСодержание=статус документа: Сверен 
ПлательщикСчет=12312312312312312
ДатаСписано=11.01.2016
ПлательщикИНН=123123123123
Плательщик1=Some random payer
ПлательщикРасчСчет=12312312312312312
ПлательщикБанк1=БАНК ВТБ 24 (Публичное акционерное общество)
ПлательщикБанк2=Г.МОСКВА
ПлательщикБИК=044525716
ПлательщикКорсчет=30101810100000000716
ПолучательСчет=40702810299993174021
ПолучательИНН=123123123123
Получатель1=Some random payee
ПолучательРасчСчет=40702810299993174021
ПолучательБанк1=БАНК ВТБ (ПАО)
ПолучательБанк2=Г. МОСКВА
ПолучательБИК=044525187
ПолучательКорсчет=30101810700000000187
ВидПлатежа=
ВидОплаты=01
Очередность=5
НазначениеПлатежа=Some random string
ПлательщикКПП=
ПолучательКПП=
КонецДокумента
СекцияДокумент=Платежное поручение
Номер=3
Дата=11.01.2016
Сумма=10000.00
КвитанцияДата=11.01.2016
КвитанцияВремя=00:00:00
КвитанцияСодержание=статус документа: Сверен 
ПлательщикСчет=12312312312312312
ДатаСписано=11.01.2016
ПлательщикИНН=123123123123
Плательщик1=Some random payer
ПлательщикРасчСчет=12312312312312312
ПлательщикБанк1=БАНК ВТБ 24 (Публичное акционерное общество)
ПлательщикБанк2=Г.МОСКВА
ПлательщикБИК=044525716
ПлательщикКорсчет=30101810100000000716
ПолучательСчет=40702810300000000640
ПолучательИНН=123123123123
Получатель1=Some random payee
ПолучательРасчСчет=40702810300000000640
ПолучательБанк1=ПАО "МТС-БАНК"
ПолучательБанк2=Г МОСКВА
ПолучательБИК=044525232
ПолучательКорсчет=30101810600000000232
ВидПлатежа=
ВидОплаты=01
Очередность=5
НазначениеПлатежа=Some random string
ПлательщикКПП=
ПолучательКПП=
КонецДокумента
СекцияДокумент=Платежное поручение
Номер=2
Дата=11.01.2016
Сумма=10000.00
КвитанцияДата=11.01.2016
КвитанцияВремя=00:00:00
КвитанцияСодержание=статус документа: Сверен 
ПлательщикСчет=12312312312312312
ДатаСписано=11.01.2016
ПлательщикИНН=123123123123
Плательщик1=Some random payer
ПлательщикРасчСчет=12312312312312312
ПлательщикБанк1=БАНК ВТБ 24 (Публичное акционерное общество)
ПлательщикБанк2=Г.МОСКВА
ПлательщикБИК=044525716
ПлательщикКорсчет=30101810100000000716
ПолучательСчет=40702810700000005670
ПолучательИНН=123123123123
Получатель1=Some random payee
ПолучательРасчСчет=40702810700000005670
ПолучательБанк1=ОАО "АБ "РОССИЯ"
ПолучательБанк2=Г САНКТ-ПЕТЕРБУРГ
ПолучательБИК=044030861
ПолучательКорсчет=30101810800000000861
ВидПлатежа=
ВидОплаты=01
Очередность=5
НазначениеПлатежа=Some random string
ПлательщикКПП=
ПолучательКПП=
КонецДокумента
СекцияДокумент=Платежное поручение
Номер=4
Дата=11.01.2016
Сумма=14121.20
КвитанцияДата=11.01.2016
КвитанцияВремя=00:00:00
КвитанцияСодержание=статус документа: Сверен 
ПлательщикСчет=12312312312312312
ДатаСписано=11.01.2016
ПлательщикИНН=123123123123
Плательщик1=Some random payer
ПлательщикРасчСчет=12312312312312312
ПлательщикБанк1=БАНК ВТБ 24 (Публичное акционерное общество)
ПлательщикБанк2=Г.МОСКВА
ПлательщикБИК=044525716
ПлательщикКорсчет=30101810100000000716
ПолучательСчет=40702810500001455357
ПолучательИНН=123123123123
Получатель1=Some random payee
ПолучательРасчСчет=40702810500001455357
ПолучательБанк1=АО "РАЙФФАЙЗЕНБАНК"
ПолучательБанк2=Г МОСКВА
ПолучательБИК=044525700
ПолучательКорсчет=30101810200000000700
ВидПлатежа=
ВидОплаты=01
Очередность=5
НазначениеПлатежа=Some random string
ПлательщикКПП=
ПолучательКПП=
КонецДокумента
СекцияДокумент=Платежное поручение
Номер=5
Дата=11.01.2016
Сумма=6000.00
КвитанцияДата=11.01.2016
КвитанцияВремя=00:00:00
КвитанцияСодержание=статус документа: Внешний 
ПлательщикСчет=12312312312312312
ПлательщикИНН=123123123123
Плательщик1=Some random payer
ПлательщикРасчСчет=12312312312312312
ПлательщикБанк1=ПАО АКБ "МЕТАЛЛИНВЕСТБАНК"
ПлательщикБанк2=Г МОСКВА
ПлательщикБИК=044525176
ПлательщикКорсчет=30101810300000000176
ПолучательСчет=40702810200000000001
ДатаПоступило=11.01.2016
ПолучательИНН=123123123123
Получатель1=Some random payee
ПолучательРасчСчет=40702810200000000001
ПолучательБанк1=ВТБ 24 (ПАО)
ПолучательБанк2=г. МОСКВА
ПолучательБИК=044525716
ПолучательКорсчет=30101810100000000716
ВидПлатежа=
ВидОплаты=01
Очередность=5
НазначениеПлатежа=Some random string
ПлательщикКПП=123123123
ПолучательКПП=
КонецДокумента
СекцияДокумент=Платежное поручение
Номер=6
Дата=11.01.2016
Сумма=14000.00
КвитанцияДата=11.01.2016
КвитанцияВремя=00:00:00
КвитанцияСодержание=статус документа: Внешний 
ПлательщикСчет=12312312312312312
ПлательщикИНН=123123123123
Плательщик1=Some random payer
ПлательщикРасчСчет=12312312312312312
ПлательщикБанк1=ПАО АКБ "МЕТАЛЛИНВЕСТБАНК"
ПлательщикБанк2=Г МОСКВА
ПлательщикБИК=044525176
ПлательщикКорсчет=30101810300000000176
ПолучательСчет=40702810200000000001
ДатаПоступило=11.01.2016
ПолучательИНН=123123123123
Получатель1=Some random payee
ПолучательРасчСчет=40702810200000000001
ПолучательБанк1=ВТБ 24 (ПАО)
ПолучательБанк2=г. МОСКВА
ПолучательБИК=044525716
ПолучательКорсчет=30101810100000000716
ВидПлатежа=
ВидОплаты=01
Очередность=5
НазначениеПлатежа=Some random string
ПлательщикКПП=123123123
ПолучательКПП=
КонецДокумента
СекцияДокумент=Платежное поручение
Номер=1
Дата=11.01.2016
Сумма=20000.00
КвитанцияДата=11.01.2016
КвитанцияВремя=00:00:00
КвитанцияСодержание=статус документа: Внешний 
ПлательщикСчет=12312312312312312
ПлательщикИНН=123123123123
Плательщик1=Some random payer
ПлательщикРасчСчет=12312312312312312
ПлательщикБанк1=ПАО СБЕРБАНК
ПлательщикБанк2=Г МОСКВА
ПлательщикБИК=044525225
ПлательщикКорсчет=30101810400000000225
ПолучательСчет=40702810200000000001
ДатаПоступило=11.01.2016
ПолучательИНН=123123123123
Получатель1=Some random payee
ПолучательРасчСчет=40702810200000000001
ПолучательБанк1=ВТБ 24 (ПАО)
ПолучательБанк2=г. МОСКВА
ПолучательБИК=044525716
ПолучательКорсчет=30101810100000000716
ВидПлатежа=
ВидОплаты=01
Очередность=5
НазначениеПлатежа=Some random string
ПлательщикКПП=123123123
ПолучательКПП=123123123
КонецДокумента
КонецФайла
